<record><leader>00000cas a22000007a 4500</leader><controlfield tag="001">32538758</controlfield><controlfield tag="008">950525d195619uucauwr ne      0    0eng d</controlfield><datafield ind1=" " ind2=" " tag="010"><subfield code="a">sn 95062633 </subfield></datafield><datafield ind1=" " ind2=" " tag="040"><subfield code="a">CNK</subfield><subfield code="b">eng</subfield><subfield code="c">CNK</subfield><subfield code="d">OCLCQ</subfield><subfield code="d">OCLCF</subfield><subfield code="d">OCLCO</subfield></datafield><datafield ind1="1" ind2=" " tag="029"><subfield code="a">AU@</subfield><subfield code="b">000011737967</subfield></datafield><datafield ind1=" " ind2=" " tag="042"><subfield code="a">msc</subfield></datafield><datafield ind1=" " ind2=" " tag="043"><subfield code="a">n-us-ca</subfield></datafield><datafield ind1="0" ind2="0" tag="245"><subfield code="a">Pleasant Hill post.</subfield></datafield><datafield ind1=" " ind2=" " tag="260"><subfield code="a">Walnut Creek, Calif. :</subfield><subfield code="b">L.E. Stoddard</subfield></datafield><datafield ind1=" " ind2=" " tag="300"><subfield code="a">v.</subfield></datafield><datafield ind1=" " ind2=" " tag="310"><subfield code="a">Weekly</subfield></datafield><datafield ind1="0" ind2=" " tag="362"><subfield code="a">Vol. 1, no. 1 (Apr. 13, 1956)-</subfield></datafield><datafield ind1=" " ind2=" " tag="500"><subfield code="a">Publication moved to Concord, Calif., Apr. 25, 1957.</subfield></datafield><datafield ind1=" " ind2=" " tag="515"><subfield code="a">Preceded by "Premiere edition," Apr. 12, 1956.</subfield></datafield><datafield ind1=" " ind2="0" tag="651"><subfield code="a">Pleasant Hill (Calif.)</subfield><subfield code="v">Newspapers.</subfield></datafield><datafield ind1=" " ind2="7" tag="655"><subfield code="a">Newspapers.</subfield><subfield code="2">fast</subfield><subfield code="0">(OCoLC)fst01423814</subfield></datafield><datafield ind1=" " ind2="7" tag="651"><subfield code="a">California</subfield><subfield code="z">Pleasant Hill.</subfield><subfield code="2">fast</subfield><subfield code="0">(OCoLC)fst01214299</subfield></datafield><datafield ind1=" " ind2=" " tag="752"><subfield code="a">United States</subfield><subfield code="b">California</subfield><subfield code="c">Contra Costa</subfield><subfield code="d">Concord.</subfield></datafield><datafield ind1=" " ind2=" " tag="752"><subfield code="a">United States</subfield><subfield code="b">California</subfield><subfield code="c">Contra Costa</subfield><subfield code="d">Walnut Creek.</subfield></datafield></record>